@misc{nand2tetrisweb,
    author  = {Shimon Shocken and Noam Nisan},
    title   = {From Nand to Tetris - Building a Modern Computer From First Principles},
    url     = {https://www.nand2tetris.org/},
    year    = {2017},
    urldate = {2021-08-24},
}

@book{nand2tetris,
    author  = {Noam Nisan and Shimon Schocken},
    year    = {2021},
    title   = {The elements of computing systems: building a modern computer from first principles},
    edition = {Second edition},
    ISBN    = {9780262539807},
    address = {Cambridge, Massachusetts},
    publisher = {The MIT Press},
}

@article{onah2014dropout,
    title={Dropout rates of massive open online courses: behavioural patterns},
    author={Onah, Daniel FO and Sinclair, Jane and Boyatt, Russell},
    journal={EDULEARN14 proceedings},
    volume={1},
    pages={5825--5834},
    year={2014}
}

@article{garcia2019wepsim,
    title={Wepsim: an online interactive educational simulator integrating microdesign, microprogramming, and assembly language programming},
    author={García-Carballeira, Félix and Calderón-Mateos, Alejandro and Alonso-Monsalve, Sául and Prieto-Cepeda, Javier},
    journal={IEEE Transactions on Learning Technologies},
    volume={13},
    number={1},
    pages={211--218},
    year={2019},
    publisher={IEEE}
}

@techreport{Boreham_2019,
    title={Global K-12 Mobile PC Education Market Continues Growth Momentum},
    url={https://www.futuresource-consulting.com/insights/new-k-12-mobile-pc-report-confirms-2018-growth-and-upbeat-future/},
    urldate = {2021-10-10},
    institution={Futuresource Consulting},
    address= {Hertfordshire, United Kingdom},
    author={Boreham, Michael},
    year={2019}
}

@techreport{IDC_2021,
    title={Chromebook and Tablet Growth Continued in the Second Quarter Despite On-Going Supply Concerns},
    url={https://www.idc.com/getdoc.jsp?containerId=prUS48120621},
    urldate = {2021-10-10},
    institution={International Data Corporation},
    address={Needham, Massachusetts},
    author={IDC},
    year={2021}
}

@misc{StatCounter_2021,
    title={Desktop vs Mobile Market Share Worldwide},
    url={https://gs.statcounter.com/platform-market-share/desktop-mobile/worldwide},
    urldate={2021-10-15},
    journal={StatCounter Global Stats},
    author={StatCounter},
    year={2021}
}

@inproceedings{stikkolorum2014mooc,
    title={The MOOC Hype: Can We Ignore It? Reflections on the Current Use of Massive Open Online Courses in Software Modeling Education.},
    author={Stikkolorum, Dave R and Demuth, Birgit and Zaytsev, Vadim and Boulanger, Fr{\'e}d{\'e}ric and Gray, Jeff},
    booktitle={EduSymp 2014 : MODELS Educators Symposium 2014: proceedings of the MODELS Educators Symposium, co-located with the ACM/IEEE 17th International Conference on Model Driven Engineering Languages and Systems (MODELS 2014)},
    year={2014},
    pages={75-86},
    address={Valencia, Spain},
    url={https://dare.uva.nl/personal/pure/en/publications/the-mooc-hype-can-we-ignore-it(b0bff0f2-7e02-446e-afd3-33b18ad155cf).html},
}

@inbook{brocke2020designscience,
    author = {Brocke, Jan vom and Hevner, Alan and Maedche, Alexander},
    year = {2020},
    month = {09},
    pages = {1-13},
    title = {Introduction to Design Science Research},
    isbn = {978-3-030-46780-7},
    doi = {10.1007/978-3-030-46781-4_1}
}

@article{hevner2004designscience,
 ISSN = {02767783},
 URL = {http://www.jstor.org/stable/25148625},
 author = {Alan R. Hevner and Salvatore T. March and Jinsoo Park and Sudha Ram},
 journal = {MIS Quarterly},
 number = {1},
 pages = {75-105},
 publisher = {Management Information Systems Research Center, University of Minnesota},
 title = {Design Science in Information Systems Research},
 volume = {28},
 year = {2004}
}

@article{macefield2009specify,
  title={How to specify the participant group size for usability studies: a practitioner's guide},
  author={Macefield, Ritch},
  journal={Journal of Usability Studies},
  volume={5},
  number={1},
  pages={34--45},
  year={2009},
  publisher={Usability Professionals' Association Bloomingdale, IL}
}
